@book{CameronTrivedi2013,
  author    = {A. Colin Cameron and Pravin K. Trivedi},
  title     = {Regression Analysis of Count Data},
  year      = {2013},
  edition   = {2nd},
  publisher = {Cambridge University Press},
  address   = {Cambridge}
}
@article{mather2019,
	title = {Why Is the U.S. Census So Important?},
	author = {Mather, Mark and Scommegna, Paola},
	year = {2019},
	month = {03},
	date = {2019-03-15},
	url = {https://www.prb.org/resources/importance-of-u-s-census/}
}

@article{unitedstatescensusbureau,
	title = {American Community Survey Information Guide},
	author = {United States Census Bureau, }
}

@article{hotchkiss2017,
	title = {Uses of Census Bureau Data in Federal Funds Distribution: A New Design for the 21st Century},
	author = {Hotchkiss, Marisa and Phelan, Jessica},
	year = {2017},
	month = {09},
	date = {2017-09},
	url = {https://www2.census.gov/programs-surveys/decennial/2020/program-management/working-papers/Uses-of-Census-Bureau-Data-in-Federal-Funds-Distribution.pdf}
}

@article{axelrod,
	title = {Opportunities and Challenges in Using Private-Sector Data for Racial Equity Analysis},
	author = {Axelrod, Judah and Ramos, Karolina and Bullied, Rebecca},
	langid = {en}
}

@article{hotz2022,
	title = {A Chronicle of the Application of Differential Privacy to the 2020 Census},
	author = {Hotz, V. Joseph and Salvo, Joseph},
	year = {2022},
	month = {06},
	date = {2022-06-24},
	journal = {Harvard Data Science Review},
	doi = {10.1162/99608f92.ff891fe5},
	url = {https://hdsr.mitpress.mit.edu/pub/ql9z7ehf},
	langid = {en}
}

@misc{abowd,
	title = {Protecting the Confidentiality of Americas Statistic's: Adopting Modern Disclosure Avoidance Methods at the Census Bureau},
	author = {Abowd, John M.},
	url = {https://www.census.gov/newsroom/blogs/research-matters/2018/08/protecting_the_confi.html}
}

@article{abowd2022,
	title = {The 2020 Census Disclosure Avoidance System TopDown Algorithm},
	author = {Abowd, John and Ashmead, Robert and Cumings-Menon, Ryan and Garfinkel, Simson and Heineck, Micah and Heiss, Christine and Johns, Robert and Kifer, Daniel and Leclerc, Philip and Machanavajjhala, Ashwin and Moran, Brett and Sexton, William and Spence, Matthew and Zhuravlev, Pavel},
	year = {2022},
	month = {06},
	date = {2022-06-24},
	journal = {Harvard Data Science Review},
	number = {Special Issue 2},
	doi = {10.1162/99608f92.529e3cb9},
	url = {https://hdsr.mitpress.mit.edu/pub/7evz361i},
	langid = {en}
}

@article{bowen,
	title = {An Explainer on Formal Privacy and the TopDown Algorithm},
	author = {Bowen, Claire McKay and Williams, Aaron R and Pickens, Madeline},
	langid = {en}
}

@misc{daily2022,
	title = {Disclosure Avoidance Protections for the American Community Survey},
	author = {Daily, Donna},
	year = {2022},
	month = {12},
	date = {2022-12-14},
	url = {https://www.census.gov/newsroom/blogs/random-samplings/2022/12/disclosure-avoidance-protections-acs.html}
}

@article{warner1965,
	title = {Randomized Response: A Survey Technique for Eliminating Evasive Answer Bias},
	author = {Warner, Stanley L.},
	year = {1965},
	month = {03},
	date = {1965-03},
	journal = {Journal of the American Statistical Association},
	pages = {63--69},
	volume = {60},
	number = {309},
	doi = {10.1080/01621459.1965.10480775},
	url = {http://www.tandfonline.com/doi/abs/10.1080/01621459.1965.10480775},
	langid = {en}
}

@article{near,
	title = {Programming Differential Privacy},
	author = {Near, Joseph P and Abuah, {Chiké}},
	langid = {en}
}

@article{wang2020,
	title = {A Comprehensive Survey on Local Differential Privacy toward Data Statistics and Analysis},
	author = {Wang, Teng and Zhang, Xuefeng and Feng, Jingyu and Yang, Xinyu},
	year = {2020},
	month = {12},
	date = {2020-12-08},
	journal = {Sensors},
	pages = {7030},
	volume = {20},
	number = {24},
	doi = {10.3390/s20247030},
	url = {https://www.mdpi.com/1424-8220/20/24/7030},
	langid = {en}
}

@inbook{dwork2006,
	title = {Our Data, Ourselves: Privacy Via Distributed Noise Generation},
	author = {Dwork, Cynthia and Kenthapadi, Krishnaram and McSherry, Frank and Mironov, Ilya and Naor, Moni},
	editor = {Vaudenay, Serge},
	year = {2006},
	date = {2006},
	publisher = {Springer Berlin Heidelberg},
	pages = {486--503},
	volume = {4004},
	url = {http://link.springer.com/10.1007/11761679_29},
	note = {Series Title: Lecture Notes in Computer Science
DOI: 10.1007/11761679{\_}29},
	address = {Berlin, Heidelberg},
	langid = {en}
}

@article{williams2023,
	title = {The promise and limitations of formal privacy},
	author = {Williams, Aaron R. and Bowen, Claire McKay},
	year = {2023},
	month = {05},
	date = {2023-05-09},
	journal = {WIREs Computational Statistics},
	pages = {e1615},
	doi = {10.1002/wics.1615},
	url = {https://wires.onlinelibrary.wiley.com/doi/10.1002/wics.1615},
	langid = {en}
}

@inbook{dwork2006a,
	title = {Calibrating Noise to Sensitivity in Private Data Analysis},
	author = {Dwork, Cynthia and McSherry, Frank and Nissim, Kobbi and Smith, Adam},
	editor = {Halevi, Shai and Rabin, Tal},
	year = {2006},
	date = {2006},
	publisher = {Springer Berlin Heidelberg},
	pages = {265--284},
	volume = {3876},
	url = {http://link.springer.com/10.1007/11681878_14},
	note = {Series Title: Lecture Notes in Computer Science
DOI: 10.1007/11681878{\_}14},
	address = {Berlin, Heidelberg}
}

@techreport{axelrod2022,
	title = {Opportunities and Challenges in Using Private-Sector Data for Racial Equity Analysis},
	author = {Axelrod, Judah and Ramos, Karolina and Bullied, Rebecca},
	year = {2022},
	month = {12},
	date = {2022-12-13},
	langid = {en}
}

@article{mather2019a,
	title = {Why Is the U.S. Census So Important?},
	author = {Mather, Mark and Scommegna, Paola},
	year = {2019},
	month = {03},
	date = {2019-03-15},
	url = {https://www.prb.org/resources/importance-of-u-s-census/}
}

@article{unitedstatescensusbureau2017,
	title = {American Community Survey Information Guide},
	author = {United States Census Bureau, },
	year = {2017},
	month = {10},
	date = {2017-10}
}

@article{hotchkiss2017a,
	title = {Uses of Census Bureau Data in Federal Funds Distribution: A New Design for the 21st Century},
	author = {Hotchkiss, Marisa and Phelan, Jessica},
	year = {2017},
	month = {09},
	date = {2017-09},
	url = {https://www2.census.gov/programs-surveys/decennial/2020/program-management/working-papers/Uses-of-Census-Bureau-Data-in-Federal-Funds-Distribution.pdf}
}

@article{hotz2022a,
	title = {A Chronicle of the Application of Differential Privacy to the 2020 Census},
	author = {Hotz, V. Joseph and Salvo, Joseph},
	year = {2022},
	month = {06},
	date = {2022-06-24},
	journal = {Harvard Data Science Review},
	doi = {10.1162/99608f92.ff891fe5},
	url = {https://hdsr.mitpress.mit.edu/pub/ql9z7ehf},
	langid = {en}
}

@misc{abowd2018,
	title = {Protecting the Confidentiality of Americas Statistics: Adopting Modern Disclosure Avoidance Methods at the Census Bureau},
	author = {Abowd, John M.},
	year = {2018},
	month = {08},
	date = {2018-08-17},
	url = {https://www.census.gov/newsroom/blogs/research-matters/2018/08/protecting_the_confi.html}
}

@article{abowd2022a,
	title = {The 2020 Census Disclosure Avoidance System TopDown Algorithm},
	author = {Abowd, John and Ashmead, Robert and Cumings-Menon, Ryan and Garfinkel, Simson and Heineck, Micah and Heiss, Christine and Johns, Robert and Kifer, Daniel and Leclerc, Philip and Machanavajjhala, Ashwin and Moran, Brett and Sexton, William and Spence, Matthew and Zhuravlev, Pavel},
	year = {2022},
	month = {06},
	date = {2022-06-24},
	journal = {Harvard Data Science Review},
	number = {Special Issue 2},
	doi = {10.1162/99608f92.529e3cb9},
	url = {https://hdsr.mitpress.mit.edu/pub/7evz361i},
	langid = {en}
}

@techreport{bowen2022,
	title = {Decennial Disclosure: An Explainer on Formal Privacy and the TopDown Algorithm},
	author = {Bowen, Claire McKay and Williams, Aaron R and Pickens, Madeline},
	year = {2022},
	month = {09},
	date = {2022-09-29},
	langid = {en}
}

@misc{daily2022a,
	title = {Disclosure Avoidance Protections for the American Community Survey},
	author = {Daily, Donna},
	year = {2022},
	month = {12},
	date = {2022-12-14},
	url = {https://www.census.gov/newsroom/blogs/random-samplings/2022/12/disclosure-avoidance-protections-acs.html}
}

@article{warner1965a,
	title = {Randomized Response: A Survey Technique for Eliminating Evasive Answer Bias},
	author = {Warner, Stanley L.},
	year = {1965},
	month = {03},
	date = {1965-03},
	journal = {Journal of the American Statistical Association},
	pages = {63--69},
	volume = {60},
	number = {309},
	doi = {10.1080/01621459.1965.10480775},
	url = {http://www.tandfonline.com/doi/abs/10.1080/01621459.1965.10480775},
	langid = {en}
}

@book{near2022,
	title = {Programming Differential Privacy},
	author = {Near, Joseph P and Abuah, {Chiké}},
	year = {2022},
	month = {11},
	date = {2022-11-13},
	langid = {en}
}

@article{wang2020a,
	title = {A Comprehensive Survey on Local Differential Privacy toward Data Statistics and Analysis},
	author = {Wang, Teng and Zhang, Xuefeng and Feng, Jingyu and Yang, Xinyu},
	year = {2020},
	month = {12},
	date = {2020-12-08},
	journal = {Sensors},
	pages = {7030},
	volume = {20},
	number = {24},
	doi = {10.3390/s20247030},
	url = {https://www.mdpi.com/1424-8220/20/24/7030},
	langid = {en}
}

@inbook{dwork2006b,
	title = {Calibrating Noise to Sensitivity in Private Data Analysis},
	author = {Dwork, Cynthia and McSherry, Frank and Nissim, Kobbi and Smith, Adam},
	editor = {Halevi, Shai and Rabin, Tal},
	year = {2006},
	date = {2006},
	publisher = {Springer Berlin Heidelberg},
	pages = {265--284},
	volume = {3876},
	url = {http://link.springer.com/10.1007/11681878_14},
	note = {Series Title: Lecture Notes in Computer Science
DOI: 10.1007/11681878{\_}14},
	address = {Berlin, Heidelberg}
}

@article{williams2023a,
	title = {The promise and limitations of formal privacy},
	author = {Williams, Aaron R. and Bowen, Claire McKay},
	year = {2023},
	month = {05},
	date = {2023-05-09},
	journal = {WIREs Computational Statistics},
	pages = {e1615},
	doi = {10.1002/wics.1615},
	url = {https://wires.onlinelibrary.wiley.com/doi/10.1002/wics.1615},
	langid = {en}
}

@inbook{dwork2006c,
	title = {Calibrating Noise to Sensitivity in Private Data Analysis},
	author = {Dwork, Cynthia and McSherry, Frank and Nissim, Kobbi and Smith, Adam},
	editor = {Halevi, Shai and Rabin, Tal},
	year = {2006},
	date = {2006},
	publisher = {Springer Berlin Heidelberg},
	pages = {265--284},
	volume = {3876},
	url = {http://link.springer.com/10.1007/11681878_14},
	note = {Series Title: Lecture Notes in Computer Science
DOI: 10.1007/11681878{\_}14},
	address = {Berlin, Heidelberg}
}

@article{abowd2022b,
	title = {The 2020 Census Disclosure Avoidance System TopDown Algorithm},
	author = {Abowd, John and Ashmead, Robert and Cumings-Menon, Ryan and Garfinkel, Simson and Heineck, Micah and Heiss, Christine and Johns, Robert and Kifer, Daniel and Leclerc, Philip and Machanavajjhala, Ashwin and Moran, Brett and Sexton, William and Spence, Matthew and Zhuravlev, Pavel},
	year = {2022},
	month = {06},
	date = {2022-06-24},
	journal = {Harvard Data Science Review},
	number = {Special Issue 2},
	doi = {10.1162/99608f92.529e3cb9},
	url = {https://hdsr.mitpress.mit.edu/pub/7evz361i},
	langid = {en}
}
