
@article{warner1965,
	title = {Randomized Response: A Survey Technique for Eliminating Evasive Answer Bias},
	author = {Warner, Stanley L.},
	year = {1965},
	month = {03},
	date = {1965-03},
	journal = {Journal of the American Statistical Association},
	pages = {63--69},
	volume = {60},
	number = {309},
	doi = {10.1080/01621459.1965.10480775},
	url = {http://www.tandfonline.com/doi/abs/10.1080/01621459.1965.10480775},
	langid = {en}
}

@article{arcos2015,
	title = {A generalized approach to randomised response for quantitative variables},
	author = {Arcos, Antonio and Rueda, {Mar√≠a del Mar} and Singh, Sarjinder},
	year = {2015},
	month = {05},
	date = {2015-05},
	journal = {Quality & Quantity},
	pages = {1239--1256},
	volume = {49},
	number = {3},
	doi = {10.1007/s11135-014-0046-3},
	url = {http://link.springer.com/10.1007/s11135-014-0046-3},
	langid = {en}
}
